<?xml version="1.0" encoding="UTF-8"?><collection xmlns="http://www.loc.gov/MARC21/slim"><record><leader>00339nam--2200133-i-4500</leader><controlfield tag="001">000034540</controlfield><controlfield tag="002">20161230</controlfield><controlfield tag="005">20161230201040</controlfield><controlfield tag="008">060222s1000------------r-----000-0-eng-d</controlfield><datafield ind1=" " ind2=" " tag="080"><subfield code="a">621.317</subfield></datafield><datafield ind1=" " ind2=" " tag="100"><subfield code="a">Nicolau, Edmond</subfield></datafield><datafield ind1=" " ind2=" " tag="245"><subfield code="a">Masurari in radiotehnica</subfield></datafield><datafield ind1=" " ind2=" " tag="260"><subfield code="a">Bucuresti, Edit. Energetica, 1955-56. /393-395/P. Cu Il</subfield></datafield><datafield ind1=" " ind2=" " tag="852"><subfield code="a">4177</subfield></datafield></record></collection>